<?xml version="1.0" encoding="UTF-8"?>
<collection xmlns:xsi="http://www.w3.org/2001/XMLSchema-instance" xsi:schemaLocation="http://www.loc.gov/MARC21/slim http://www.loc.gov/standards/marcxml/schema/MARC21slim.xsd" xmlns="http://www.loc.gov/MARC21/slim">
<record>
  <leader>00676cam a22002171  4500</leader>
  <controlfield tag="001">3071314</controlfield>
  <controlfield tag="003">NNC</controlfield>
  <controlfield tag="005">20150920222919.0</controlfield>
  <controlfield tag="008">010821s1882    ua            000 0 ara d</controlfield>
  <datafield tag="035" ind1=" " ind2=" ">
    <subfield code="a">(OCoLC)ocm47813638</subfield>
  </datafield>
  <datafield tag="035" ind1=" " ind2=" ">
    <subfield code="9">ATP4273CU</subfield>
  </datafield>
  <datafield tag="035" ind1=" " ind2=" ">
    <subfield code="a">(NNC)3071314</subfield>
  </datafield>
  <datafield tag="035" ind1=" " ind2=" ">
    <subfield code="a">3071314</subfield>
  </datafield>
  <datafield tag="040" ind1=" " ind2=" ">
    <subfield code="a">ZCU</subfield>
    <subfield code="c">ZCU</subfield>
  </datafield>
  <datafield tag="099" ind1=" " ind2=" ">
    <subfield code="a">893.7H22</subfield>
    <subfield code="a">P42</subfield>
  </datafield>
  <datafield tag="100" ind1="0" ind2=" ">
    <subfield code="a">Ḥarīrī,</subfield>
    <subfield code="d">1054-1122.</subfield>
  </datafield>
  <datafield tag="245" ind1="1" ind2="0">
    <subfield code="a">Sharḥ al-maqāmāt al-Ḥarīrīyah li-Abi al-ʻAbbās Aḥmad ibn ʻAbd al-Mumin al-Qaysī al-Sharīshī ...</subfield>
  </datafield>
  <datafield tag="260" ind1=" " ind2=" ">
    <subfield code="a">Būlāq,</subfield>
    <subfield code="c">1300 [A.D. 1882]</subfield>
  </datafield>
  <datafield tag="300" ind1=" " ind2=" ">
    <subfield code="a">2 v. in 1.</subfield>
    <subfield code="c">29 cm.</subfield>
  </datafield>
  <datafield tag="700" ind1="1" ind2=" ">
    <subfield code="a">Sharīshī, Aḥmad ibn ʻAbd al-Muʼmin,</subfield>
    <subfield code="d">-1222 or 1223.</subfield>
  </datafield>
  <datafield tag="955" ind1=" " ind2=" ">
    <subfield code="b">0055222013</subfield>
    <subfield code="d">glx</subfield>
    <subfield code="e">893.7H22 P42</subfield>
  </datafield>
</record>
</collection>